
@article{55_certain_integ_lipsc_hankel_type,
  author =       {},
  title =        {On Certain Integrals of Lipschitz-Hankel Type Involving
                  Products of Bessel Functions},
  journal =      {Philosophical Transactions of the Royal Society of London.
                  Series A, Mathematical and Physical Sciences},
  volume =       {247},
  number =       {935},
  pages =        {529-551},
  year =         {1955},
  doi =          {10.1098/rsta.1955.0005},
  url =          {https://doi.org/10.1098/rsta.1955.0005},
  DATE_ADDED =   {Thu Jun 18 16:54:31 2020},
}


@article{fowler12_surfac_codes,
  author =       {Austin G. Fowler and Matteo Mariantoni and John M. Martinis
                  and Andrew N. Cleland},
  title =        {Surface Codes: Towards Practical Large-Scale Quantum
                  Computation},
  journal =      {Physical Review A},
  volume =       86,
  number =       3,
  pages =        032324,
  year =         2012,
  doi =          {10.1103/physreva.86.032324},
  url =          {https://doi.org/10.1103/physreva.86.032324},
  DATE_ADDED =   {Thu Jun 18 17:07:12 2020},
}

