
@article{fowler12_surfac_codes,
  author =       {Austin G. Fowler and Matteo Mariantoni and John M. Martinis
                  and Andrew N. Cleland},
  title =        {Surface Codes: Towards Practical Large-Scale Quantum
                  Computation},
  journal =      {Physical Review A},
  volume =       86,
  number =       3,
  pages =        032324,
  year =         2012,
  doi =          {10.1103/physreva.86.032324},
  url =          {https://doi.org/10.1103/physreva.86.032324},
  DATE_ADDED =   {Thu Jun 18 17:07:12 2020},
}

@article{Shor_1997,
   title={Polynomial-Time Algorithms for Prime Factorization and Discrete Logarithms on a Quantum Computer},
   volume={26},
   ISSN={1095-7111},
   url={http://dx.doi.org/10.1137/S0097539795293172},
   DOI={10.1137/s0097539795293172},
   number={5},
   journal={SIAM Journal on Computing},
   publisher={Society for Industrial & Applied Mathematics (SIAM)},
   author={Shor, Peter W.},
   year={1997},
   month={Oct},
   pages={1484–1509}
}

@article{Grover_1996,
   title={A fast quantum mechanical algorithm for database search},
   ISBN={0897917855},
   url={http://dx.doi.org/10.1145/237814.237866},
   DOI={10.1145/237814.237866},
   journal={Proceedings of the twenty-eighth annual ACM symposium on Theory of computing  - STOC  ’96},
   publisher={ACM Press},
   author={Grover, Lov K.},
   year={1996}
}

@article{Rol_2019,
   title={Fast, High-Fidelity Conditional-Phase Gate Exploiting Leakage Interference in Weakly Anharmonic Superconducting Qubits},
   volume={123},
   ISSN={1079-7114},
   url={http://dx.doi.org/10.1103/PhysRevLett.123.120502},
   DOI={10.1103/physrevlett.123.120502},
   number={12},
   journal={Physical Review Letters},
   publisher={American Physical Society (APS)},
   author={Rol, M. A. and Battistel, F. and Malinowski, F. K. and Bultink, C. C. and Tarasinski, B. M. and Vollmer, R. and Haider, N. and Muthusubramanian, N. and Bruno, A. and Terhal, B. M. and et al.},
   year={2019},
   month={Sep}
}

@article{huang19_fidel_bench_two_qubit_gates_silic,
  author =       {W. Huang and C. H. Yang and K. W. Chan and T. Tanttu and B.
                  Hensen and R. C. C. Leon and M. A. Fogarty and J. C. C. Hwang
                  and F. E. Hudson and K. M. Itoh and A. Morello and A. Laucht
                  and A. S. Dzurak},
  title =        {Fidelity Benchmarks for Two-Qubit Gates in Silicon},
  journal =      {Nature},
  volume =       569,
  number =       7757,
  pages =        {532-536},
  year =         2019,
  doi =          {10.1038/s41586-019-1197-0},
  url =          {https://doi.org/10.1038/s41586-019-1197-0},
  DATE_ADDED =   {Fri Jun 19 09:41:33 2020},
}

@article{Lawrie_2020,
   title={Quantum dot arrays in silicon and germanium},
   volume={116},
   ISSN={1077-3118},
   url={http://dx.doi.org/10.1063/5.0002013},
   DOI={10.1063/5.0002013},
   number={8},
   journal={Applied Physics Letters},
   publisher={AIP Publishing},
   author={Lawrie, W. I. L. and Eenink, H. G. J. and Hendrickx, N. W. and Boter, J. M. and Petit, L. and Amitonov, S. V. and Lodari, M. and Paquelet Wuetz, B. and Volk, C. and Philips, S. G. J. and et al.},
   year={2020},
   month={Feb},
   pages={080501}
}

@article{barends14_super_quant_circuit_at_surfac,
  author =       {R. Barends and J. Kelly and A. Megrant and A. Veitia and D.
                  Sank and E. Jeffrey and T. C. White and J. Mutus and A. G.
                  Fowler and B. Campbell and Y. Chen and Z. Chen and B. Chiaro
                  and A. Dunsworth and C. Neill and P. O'Malley and P. Roushan
                  and A. Vainsencher and J. Wenner and A. N. Korotkov and A. N.
                  Cleland and John M. Martinis},
  title =        {Superconducting Quantum Circuits At the Surface Code Threshold
                  for Fault Tolerance},
  journal =      {Nature},
  volume =       508,
  number =       7497,
  pages =        {500-503},
  year =         2014,
  doi =          {10.1038/nature13171},
  url =          {https://doi.org/10.1038/nature13171},
  DATE_ADDED =   {Fri Jun 19 09:53:01 2020},
}

@article{feynman82_simul_physic_with_comput,
  author =       {Richard P. Feynman},
  title =        {Simulating Physics With Computers},
  journal =      {International Journal of Theoretical Physics},
  volume =       21,
  number =       {6-7},
  pages =        {467-488},
  year =         1982,
  doi =          {10.1007/bf02650179},
  url =          {https://doi.org/10.1007/bf02650179},
  DATE_ADDED =   {Fri Jun 19 09:55:16 2020},
}

